@online{stackoverflow,
    title = "StackOverflow",
    url = "https://stackoverflow.com",
    addendum = "(дата обращения 04.05.2022)",
}

@online{so-file-io-with-kotlin-multiplatform,
    title = "File IO with Kotlin multiplatform - Stack Overflow",
    url = "https://stackoverflow.com/q/68191209",
    addendum = "(дата обращения 04.05.2022)",
}

@online{so-read-write-file-in-kotlin-native-ios-side,
    title = "Read/Write file in kotlin native - IOS side - Stack Overflow",
    url = "https://stackoverflow.com/q/61078285",
    addendum = "(дата обращения 04.05.2022)",
}

@online{kotlinlang-multiplatform-file-interaction,
    title = "Looking for a library or an alternative for basic multiplatform File I/O - Kotlin Discussions",
    url = "https://discuss.kotlinlang.org/t/looking-for-a-library-or-an-alternative-for-basic-multiplatform-file-i-o/21472",
    addendum = "(дата обращения 04.05.2022)",
}

@online{reddit-multiplatform-file-io,
    title = "Multiplatform File I/O - r/Kotlin (reddit)",
    url = "https://www.reddit.com/r/Kotlin/comments/g0hjsw/multiplatform_file_io/",
    addendum = "(дата обращения 04.05.2022)",
}

@online{reddit-kotlin-native-library-io,
    title = "Kotlin/native: library for file io? - r/Kotlin (reddit)",
    url = "https://www.reddit.com/r/Kotlin/comments/s3wzmt/kotlinnative_library_for_file_io/",
    addendum = "(дата обращения 04.05.2022)",
}

@online{github,
    title = "GitHub",
    url = "https://github.com",
    addendum = "(дата обращения 04.05.2022)",
}

@online{gh-kotlin-multiplatform-libs,
    title = "Kotlin Multiplatform Libraries",
    url = "https://github.com/AAkira/Kotlin-Multiplatform-Libraries",
    addendum = "(дата обращения 04.05.2022)",
}

@online{gh-kile,
    title = "kile",
    url = "https://github.com/realad/kile",
    addendum = "(дата обращения 04.05.2022)",
}

@online{ftp,
    title = "File Transfer Protocol - Wikipedia",
    url = "https://en.wikipedia.org/wiki/File_Transfer_Protocol",
    addendum = "(дата обращения 04.05.2022)",
}

@online{gh-asoft-files,
    title = "aSoft-Ltd/files",
    url = "https://github.com/aSoft-Ltd/files",
    addendum = "(дата обращения 04.05.2022)",
}

@online{gh-kotlinx-fs,
    title = "kotlinx-fs",
    url = "https://github.com/qwwdfsad/kotlinx-fs",
    addendum = "(дата обращения 04.05.2022)",
}

@online{gh-supernatural-fs,
    title = "supernatural-fs",
    url = "https://github.com/suparngp/kotlin-multiplatform-projects",
    addendum = "(дата обращения 04.05.2022)",
}

@online{gh-asoft-storage,
    title = "asoft-storage",
    url = "https://github.com/andylamax/asoft-storage",
    addendum = "(дата обращения 04.05.2022)",
}

@online{gh-kached,
    title = "kached",
    url = "https://github.com/faogustavo/kached",
    addendum = "(дата обращения 04.05.2022)",
}

@online{gh-multiplatform-settings,
    title = "multiplatform-settings",
    url = "https://github.com/russhwolf/multiplatform-settings",
    addendum = "(дата обращения 04.05.2022)",
}

@online{gh-kvault,
    title = "KVault",
    url = "https://github.com/Liftric/KVault",
    addendum = "(дата обращения 04.05.2022)",
}

@online{gh-kissme,
    title = "Kissme",
    url = "https://github.com/netguru/Kissme",
    addendum = "(дата обращения 04.05.2022)",
}

@online{gh-multiplatform-preferences,
    title = "Multiplatform-Preferences",
    url = "https://github.com/florent37/Multiplatform-Preferences",
    addendum = "(дата обращения 04.05.2022)",
}

@online{gh-kds,
    title = "Kotlin Data Storage",
    url = "https://github.com/kotlingang/kds",
    addendum = "(дата обращения 04.05.2022)",
}

@online{gh-okio,
    title = "okio",
    url = "https://github.com/square/okio",
    addendum = "(дата обращения 04.05.2022)",
}

@online{gh-kotlinx-io,
    title = "kotlinx-io",
    url = "https://github.com/Kotlin/kotlinx-io",
    addendum = "(дата обращения 04.05.2022)",
}

@online{gh-kotlinx-io-issue,
    title = "kotlinx-io. Is this library active/supported?",
    url = "https://github.com/Kotlin/kotlinx-io/issues/54",
    addendum = "(дата обращения 04.05.2022)",
}

@online{gh-korio,
    title = "korio",
    url = "https://github.com/korlibs/korio",
    addendum = "(дата обращения 04.05.2022)",
}

@online{korlibs,
    title = "Korlibs",
    url = "https://docs.korge.org/",
    addendum = "(дата обращения 04.05.2022)",
}

@online{gh-tinlok,
    title = "Tinlok",
    url = "https://github.com/Fuyukai/Tinlok",
    addendum = "(дата обращения 04.05.2022)",
}

@online{gh-multifs,
    title = "mutifs",
    url = "https://github.com/vsalavatov/multifs",
    addendum = "(дата обращения 04.05.2022)",
}

@online{ktor,
    title = "Ktor Framework",
    url = "https://ktor.io/",
    addendum = "(дата обращения 04.05.2022)",
}

@online{amazon-s3,
    title = "Amazon S3. Cloud Object Storage",
    url = "https://aws.amazon.com/s3/",
    addendum = "(дата обращения 04.05.2022)",
}

@online{kotlinlang-delegated-properties,
    title = "Delegated properties | Kotlin",
    url = "https://kotlinlang.org/docs/delegated-properties.html",
    addendum = "(дата обращения 04.05.2022)",
}

@online{dev-mozilla-localstorage,
    title = "Window.localStorage - Интерфейсы Web API | MDN",
    url = "https://developer.mozilla.org/ru/docs/Web/API/Window/localStorage",
    addendum = "(дата обращения 10.05.2022)",
}

@online{rest,
    title = "Representational state transfer - Wikipedia",
    url = "https://en.wikipedia.org/wiki/Representational_state_transfer",
    addendum = "(дата обращения 11.05.2022)",
}

@online{gdrive-about-files,
    title = "Files and folders overview | Drive API | Google Developers",
    url = "https://developers.google.com/drive/api/guides/about-files",
    addendum = "(дата обращения 11.05.2022)",
}

@online{yadisk-docs,
    title = "API Яндекс.Диска",
    url = "https://yandex.ru/dev/disk/api/concepts/about.html",
    addendum = "(дата обращения 11.05.2022)",
}

@online{dropbox-docs,
    title = "Dropbox API v2",
    url = "https://www.dropbox.com/developers/documentation/http/documentation",
    addendum = "(дата обращения 11.05.2022)",
}

@online{windows-case-sensitivity,
    title = "Case Sensitivity | Microsoft Docs",
    url = "https://docs.microsoft.com/en-us/windows/wsl/case-sensitivity",
    addendum = "(дата обращения 11.05.2022)",
}

@online{amazon-s3-docs,
    title = "Amazon Simple Storage Service Documentation",
    url = "https://docs.aws.amazon.com/s3/index.html",
    addendum = "(дата обращения 11.05.2022)",
}
